<record><leader>00000cas a22000007a 4500</leader><controlfield tag="001">22576326</controlfield><controlfield tag="008">901024d185218uunyuwr ne      0    0eng d</controlfield><datafield ind1=" " ind2=" " tag="010"><subfield code="a">sn 90066318 </subfield></datafield><datafield ind1=" " ind2=" " tag="040"><subfield code="a">NYS</subfield><subfield code="b">eng</subfield><subfield code="c">NYS</subfield><subfield code="d">OCL</subfield><subfield code="d">OCLCQ</subfield><subfield code="d">OCLCF</subfield><subfield code="d">OCLCO</subfield><subfield code="d">AQM</subfield></datafield><datafield ind1=" " ind2=" " tag="042"><subfield code="a">msc</subfield></datafield><datafield ind1=" " ind2=" " tag="043"><subfield code="a">n-us-ny</subfield></datafield><datafield ind1="0" ind2=" " tag="130"><subfield code="a">Coxsackie union (Coxsackie, N.Y. : 1852)</subfield></datafield><datafield ind1="1" ind2="4" tag="245"><subfield code="a">The Coxsackie union.</subfield></datafield><datafield ind1=" " ind2=" " tag="260"><subfield code="a">Coxsackie [N.Y.] :</subfield><subfield code="b">F.W. Hoffman</subfield></datafield><datafield ind1=" " ind2=" " tag="300"><subfield code="a">v. :</subfield><subfield code="b">ill. ;</subfield><subfield code="c">59 cm.</subfield></datafield><datafield ind1=" " ind2=" " tag="310"><subfield code="a">Weekly</subfield></datafield><datafield ind1="1" ind2=" " tag="362"><subfield code="a">Began in 1852?</subfield></datafield><datafield ind1=" " ind2=" " tag="500"><subfield code="a">Published by: William Joesbury, &lt;1866&gt;.</subfield></datafield><datafield ind1=" " ind2=" " tag="588"><subfield code="a">Description based on: Vol. 2, no. 1 (Apr. 21, 1852).</subfield></datafield><datafield ind1=" " ind2=" " tag="588"><subfield code="a">Latest issue consulted: Apr. 28, 1866.</subfield></datafield><datafield ind1=" " ind2="0" tag="651"><subfield code="a">Coxsackie (N.Y.)</subfield><subfield code="v">Newspapers.</subfield></datafield><datafield ind1=" " ind2="7" tag="651"><subfield code="a">New York (State)</subfield><subfield code="z">Coxsackie.</subfield><subfield code="2">fast</subfield><subfield code="0">(OCoLC)fst01231967</subfield></datafield><datafield ind1=" " ind2="7" tag="655"><subfield code="a">Newspapers.</subfield><subfield code="2">fast</subfield><subfield code="0">(OCoLC)fst01423814</subfield></datafield><datafield ind1=" " ind2="7" tag="655"><subfield code="a">Newspapers.</subfield><subfield code="2">rbgenr</subfield></datafield><datafield ind1=" " ind2=" " tag="752"><subfield code="a">United States</subfield><subfield code="b">New York</subfield><subfield code="c">Greene</subfield><subfield code="d">Coxsackie.</subfield></datafield><datafield ind1="0" ind2="0" tag="780"><subfield code="t">Coxsackie weekly union</subfield><subfield code="w">(DLC)sn 84031653</subfield><subfield code="w">(OCoLC)11217653</subfield></datafield></record>